@inproceedings{kelner2014almost,
  title={An almost-linear-time algorithm for approximate max flow in undirected graphs, and its multicommodity generalizations},
  author={Kelner, Jonathan A and Lee, Yin Tat and Orecchia, Lorenzo and Sidford, Aaron},
  booktitle={Proceedings of the Twenty-Fifth Annual ACM-SIAM Symposium on Discrete Algorithms},
  pages={217--226},
  year={2014},
  organization={SIAM}
}

@article{peng2014note,
  title={A note on cut-approximators and approximating undirected max flows},
  author={Peng, Richard},
  journal={arXiv preprint arXiv:1411.7631},
  year={2014}
}

@inproceedings{sherman2013nearly,
  title={Nearly maximum flows in nearly linear time},
  author={Sherman, Jonah},
  booktitle={Foundations of Computer Science (FOCS), 2013 IEEE 54th Annual Symposium on},
  pages={263--269},
  year={2013},
  organization={IEEE}
}
