@inproceedings{yannakakis1978node,
  title={Node-and edge-deletion NP-complete problems},
  author={Yannakakis, Mihalis},
  booktitle={Proceedings of the tenth annual ACM symposium on Theory of computing},
  pages={253--264},
  year={1978},
  organization={ACM}
}